<?xml version="1.0" encoding="UTF-8"?><collection xmlns="http://www.loc.gov/MARC21/slim"><record><leader>00451nam--2200121-i-4500</leader><controlfield tag="001">000011581</controlfield><controlfield tag="002">20161230</controlfield><controlfield tag="005">20161230201029</controlfield><controlfield tag="008">060222s1000------------r-----000-0-eng-d</controlfield><datafield ind1=" " ind2=" " tag="080"><subfield code="a">621.87(094)</subfield></datafield><datafield ind1=" " ind2=" " tag="245"><subfield code="a">Completari la  prescriptiile tehnice pentru co nstruirea, montarea, explotarea si verificarea macaralelor, mecanismelor de ridicat si dispoz itivelor lor auxiliare . editie oficiala</subfield></datafield><datafield ind1=" " ind2=" " tag="260"><subfield code="a">Bucuresti, Editura Tehnica, 1975 11 P</subfield></datafield><datafield ind1=" " ind2=" " tag="852"><subfield code="a">42947</subfield></datafield></record></collection>